@Article{conditions,
author={MARI A. et RETORE C.},
journal={Travaux de linguistique},
title={Conditions d’assertion de « chaque » et de « tout » et règles de
déduction du quantificateur universel},
year={2016},
pages={89-106}
}

@Article{plural,
author={BRISSON C.},
journal={Linguistics and Philosophy},
title={Plural, « all », and the nonuniformity of collective predication},
year={2013},
pages={129-184}
}

@Article{trio,
author={KLEIBER G.},
journal={Studii de lingvistica},
title={La quantification universelle en trio : « tous les », « chaque » et « tout »},
year={2011},
pages={139–157}
}

@Article{predicate,
author={DOWTY G.},
journal={Collective predicate},
title={Distributive predicate and all},
year={1987}
}

% Exemples

@book
{ref2,
author={Dupont, Fernand},
title={Les choux farcis},
publisher={Un gros éditeur},
year={2004}
}


@Article{ref,
author={Durand, Patrick AND Durand, René},
journal={Le beau journal},
title={Les tomates tueuses},
year={2007},
month={jan},
pages={24},
notes={sympathique}
}


@manual
{ref3,
title={Réparer son vaisseau},
author={Dupont, Nestor},
year={2009},
organization={L'Alliance}
}

@misc
{ref4,
author={Les Zéros},
title={Le site du zéro},
month={jun},
year={2009},
note={www.siteduzero.com}
}

@phdthesis
{ref5,
title={La belle thèse},
author={Barbu, Monsieur},
school={Université},
year={2002}
}

@unpublished
{ref6,
author={Mauvais, Monsieur},
title={Mon roman inachevé},
note={il est chouette mon roman},
year={2000},
month={feb}
}
